% Our research

 @article{pelanekmeasuring,
   title={Measuring Similarity of Educational Items Using Data on Learners’ Performance},
   author={Pelanek, Radek and Rihak, Jiri},
%   author={Pel{\'a}nek, Radek and {\v{R}}ih{\'a}k, Ji{\v{r}}{\'\i}},
   year={2017}
 }

 @inproceedings{borovs2013automatic,
   title={Automatic detection of concepts from problem solving times},
   author={Boro{\v{s}}, Petr and Ni{\v{z}}nan, Juraj and Pel{\'a}nek, Radek and {\v{R}}ih{\'a}k, Ji{\v{r}}{\'\i}},
%   author={Boro{\v{s}}, Petr and Ni{\v{z}}nan, Juraj and Pel{\'a}nek, Radek and {\v{R}}ih{\'a}k, Ji{\v{r}}{\'\i}},
   booktitle={International Conference on Artificial Intelligence in Education},
   pages={595--598},
   year={2013},
   organization={Springer}
 }

% Christopher Piech

% program similarity metrics (bag of words, AST, …)
@inproceedings{piech2012modeling,
  title={Modeling how students learn to program},
  author={Piech, Chris and Sahami, Mehran and Koller, Daphne and Cooper, Steve and Blikstein, Paulo},
  booktitle={Proceedings of the 43rd ACM technical symposium on Computer Science Education},
  pages={153--160},
  year={2012},
  organization={ACM}
}

% data -> NN -> embedding -> NN -> combine to some features matrix
@article{piech2015learning,
  title={Learning program embeddings to propagate feedback on student code},
  author={Piech, Chris and Huang, Jonathan and Nguyen, Andy and Phulsuksombati, Mike and Sahami, Mehran and Guibas, Leonidas},
  journal={arXiv preprint arXiv:1505.05969},
  year={2015}
}

% Hint genration

% use of AST, canonization
@article{rivers2017data,
  title={Data-driven hint generation in vast solution spaces: a self-improving python programming tutor},
  author={Rivers, Kelly and Koedinger, Kenneth R},
  journal={International Journal of Artificial Intelligence in Education},
  volume={27},
  number={1},
  pages={37--64},
  year={2017},
  publisher={Springer}
}

% "codestate", "wordstate"
% hints in bots game
@inproceedings{iii2014generating,
  title={Generating hints for programming problems using intermediate output},
  author={Iii, Barry Peddycord and Hicks, Andrew and Barnes, Tiffany},
  booktitle={Educational Data Mining 2014},
  year={2014}
}

% Code similarity

% string edit distance, tree ED, graph ED, n-grams (w-shingling)
@misc{beth2014comparison,
  title={A Comparison of Similarity Techniques for Detecting Source Code Plagiarism},
  author={Beth, Bradley},
  year={2014}
}

@article{hosseini2017study,
  title={A study of concept-based similarity approaches for recommending program examples},
  author={Hosseini, Roya and Brusilovsky, Peter},
  journal={New Review of Hypermedia and Multimedia},
  pages={1--28},
  year={2017},
  publisher={Taylor \& Francis}
}

@inproceedings{huang2013syntactic,
  title={Syntactic and functional variability of a million code submissions in a machine learning mooc},
  author={Huang, Jonathan and Piech, Chris and Nguyen, Andy and Guibas, Leonidas},
  booktitle={AIED 2013 Workshops Proceedings Volume},
  pages={25},
  year={2013}
}

% China
@article{wang2014detection,
  title={Detection of semantically similar code},
  author={Wang, Tiantian and Wang, Kechao and Su, Xiaohong and Ma, Peijun},
  journal={Frontiers of Computer Science},
  volume={8},
  number={6},
  pages={996--1011},
  year={2014},
  publisher={Springer}
}

% Abstract

@article{baker2016stupid,
  title={Stupid tutoring systems, intelligent humans},
  author={Baker, Ryan S},
  journal={International Journal of Artificial Intelligence in Education},
  volume={26},
  number={2},
  pages={600--614},
  year={2016},
  publisher={Springer}
}
